@Book{norvig,
  author = 	 {Stuart Russel; Peter Norvig},
  title = 	 {Inteligência Artificial},
  publisher = 	 {Campus},
  year = 	 {2014},
  edition = 	 {3rd}
}

@misc{bnc,
  Author = {Gladys Castillo},
  Institution = {University of Aveiro},
  Howpublished = {University Lecture},
  Year = {2011},
  Title = {Bayesian Network Classifiers},
  note = {Disponível em : https://goo.gl/L25Qvk [Online; Acessado em 27 de Setembro de 2018]}
}

@misc{Dua:2017 ,
author = "Dheeru, Dua and Karra Taniskidou, Efi",
year = "2017",
title = "{UCI} Machine Learning Repository",
url = "http://archive.ics.uci.edu/ml",
institution = "University of California, Irvine, School of Information and Computer Sciences" }

@conference{bohra,
author    = "Prayashi Bohra and Hemant Palivela ",
title     = "Understanding and formulation of various kernel techniques for suport vector machines",
booktitle = "IEEE International Conference on Computational Intelligence and Computing Research (ICCIC)",
year = "2015"}

@conference{kohavi,
author    = "Ron Kohavi",
title     = "A Study of Cross-Validation and Bootstrap for Accuracy Estimation and Model Selection",
booktitle = "International Joint Conference on Articial Intelligence (IJCA)",
year = "1995"}

@article{scikit-learn,
 title={Scikit-learn: Machine Learning in {P}ython},
 author={Pedregosa, F. and Varoquaux, G. and Gramfort, A. and Michel, V.
         and Thirion, B. and Grisel, O. and Blondel, M. and Prettenhofer, P.
         and Weiss, R. and Dubourg, V. and Vanderplas, J. and Passos, A. and
         Cournapeau, D. and Brucher, M. and Perrot, M. and Duchesnay, E.},
 journal={Journal of Machine Learning Research},
 volume={12},
 pages={2825--2830},
 year={2011}
}